
@article{Ade:2015xua,
      author         = "Ade, P. A. R. and others",
      title          = "{Planck 2015 results. XIII. Cosmological parameters}",
      collaboration  = "Planck",
      journal        = "Astron. Astrophys.",
      volume         = "594",
      year           = "2016",
      pages          = "A13",
      doi            = "10.1051/0004-6361/201525830",
      eprint         = "1502.01589",
      archivePrefix  = "arXiv",
      primaryClass   = "astro-ph.CO",
      SLACcitation   = "%%CITATION = ARXIV:1502.01589;%%"
}


@article{Roszkowski:2017nbc,
      author         = "Roszkowski, Leszek and Sessolo, Enrico Maria and
                        Trojanowski, Sebastian",
      title          = "{WIMP dark matter candidates and searches—current
                        status and future prospects}",
      journal        = "Rept. Prog. Phys.",
      volume         = "81",
      year           = "2018",
      number         = "6",
      pages          = "066201",
      doi            = "10.1088/1361-6633/aab913",
      eprint         = "1707.06277",
      archivePrefix  = "arXiv",
      primaryClass   = "hep-ph",
      reportNumber   = "UCI-HEP-TR-2017-09, DO-TH-17-15, UCI-HEP-TR-2017-09-",
      SLACcitation   = "%%CITATION = ARXIV:1707.06277;%%"
}


@article{Chang:2013oia,
      author         = "Chang, Spencer and Edezhath, Ralph and Hutchinson,
                        Jeffrey and Luty, Markus",
      title          = "{Effective WIMPs}",
      journal        = "Phys. Rev.",
      volume         = "D89",
      year           = "2014",
      number         = "1",
      pages          = "015011",
      doi            = "10.1103/PhysRevD.89.015011",
      eprint         = "1307.8120",
      archivePrefix  = "arXiv",
      primaryClass   = "hep-ph",
      SLACcitation   = "%%CITATION = ARXIV:1307.8120;%%"
}


@article{Cui:2017nnn,
      author         = "Cui, Xiangyi and others",
      title          = "{Dark Matter Results From 54-Ton-Day Exposure of
                        PandaX-II Experiment}",
      collaboration  = "PandaX-II",
      journal        = "Phys. Rev. Lett.",
      volume         = "119",
      year           = "2017",
      number         = "18",
      pages          = "181302",
      doi            = "10.1103/PhysRevLett.119.181302",
      eprint         = "1708.06917",
      archivePrefix  = "arXiv",
      primaryClass   = "astro-ph.CO",
      SLACcitation   = "%%CITATION = ARXIV:1708.06917;%%"
}

@article{Bullock:2017xww,
      author         = "Bullock, James S. and Boylan-Kolchin, Michael",
      title          = "{Small-Scale Challenges to the $\Lambda$CDM Paradigm}",
      journal        = "Ann. Rev. Astron. Astrophys.",
      volume         = "55",
      year           = "2017",
      pages          = "343-387",
      doi            = "10.1146/annurev-astro-091916-055313",
      eprint         = "1707.04256",
      archivePrefix  = "arXiv",
      primaryClass   = "astro-ph.CO",
      SLACcitation   = "%%CITATION = ARXIV:1707.04256;%%"
}


@article{Moore:1994yx,
      author         = "Moore, B.",
      title          = "{Evidence against dissipationless dark matter from
                        observations of galaxy haloes}",
      journal        = "Nature",
      volume         = "370",
      year           = "1994",
      pages          = "629",
      doi            = "10.1038/370629a0",
      SLACcitation   = "%%CITATION = NATUA,370,629;%%"
}


@article{Navarro:1995iw,
      author         = "Navarro, Julio F. and Frenk, Carlos S. and White, Simon
                        D. M.",
      title          = "{The Structure of cold dark matter halos}",
      journal        = "Astrophys. J.",
      volume         = "462",
      year           = "1996",
      pages          = "563-575",
      doi            = "10.1086/177173",
      eprint         = "astro-ph/9508025",
      archivePrefix  = "arXiv",
      primaryClass   = "astro-ph",
      SLACcitation   = "%%CITATION = ASTRO-PH/9508025;%%"
}

@article{anna2018,
author = {Genina, Anna and Benítez-Llambay, Alejandro and Frenk, Carlos S. and Cole, Shaun and Fattahi, Azadeh and Navarro, Julio F. and Oman, Kyle A. and Sawala, Till and Theuns, Tom},
title = {The core–cusp problem: a matter of perspective},
journal = {Monthly Notices of the Royal Astronomical Society},
volume = {474},
number = {1},
pages = {1398-1411},
year = {2018},
doi = {10.1093/mnras/stx2855},
URL = {http://dx.doi.org/10.1093/mnras/stx2855},
eprint = {/oup/backfile/content_public/journal/mnras/474/1/10.1093_mnras_stx2855/1/stx2855.pdf}
}

@article{Hui:2016ltb,
      author         = "Hui, Lam and Ostriker, Jeremiah P. and Tremaine, Scott
                        and Witten, Edward",
      title          = "{Ultralight scalars as cosmological dark matter}",
      journal        = "Phys. Rev.",
      volume         = "D95",
      year           = "2017",
      number         = "4",
      pages          = "043541",
      doi            = "10.1103/PhysRevD.95.043541",
      eprint         = "1610.08297",
      archivePrefix  = "arXiv",
      primaryClass   = "astro-ph.CO",
      SLACcitation   = "%%CITATION = ARXIV:1610.08297;%%"
}

@article{Veltmaat:2018dfz,
      author         = "Veltmaat, Jan and Niemeyer, Jens C. and Schwabe, Bodo",
      title          = "{Formation and structure of ultralight bosonic dark
                        matter halos}",
      journal        = "Phys. Rev.",
      volume         = "D98",
      year           = "2018",
      number         = "4",
      pages          = "043509",
      doi            = "10.1103/PhysRevD.98.043509",
      eprint         = "1804.09647",
      archivePrefix  = "arXiv",
      primaryClass   = "astro-ph.CO",
      SLACcitation   = "%%CITATION = ARXIV:1804.09647;%%"
}

@article{Marsh:2015xka,
      author         = "Marsh, David J. E.",
      title          = "{Axion Cosmology}",
      journal        = "Phys. Rept.",
      volume         = "643",
      year           = "2016",
      pages          = "1-79",
      doi            = "10.1016/j.physrep.2016.06.005",
      eprint         = "1510.07633",
      archivePrefix  = "arXiv",
      primaryClass   = "astro-ph.CO",
      reportNumber   = "KCL-PH-TH-2015-50",
      SLACcitation   = "%%CITATION = ARXIV:1510.07633;%%"
}

@article{Du:2016zcv,
      author         = "Du, Xiaolong and Behrens, Christoph and Niemeyer, Jens
                        C.",
      title          = "{Substructure of fuzzy dark matter haloes}",
      journal        = "Mon. Not. Roy. Astron. Soc.",
      volume         = "465",
      year           = "2017",
      number         = "1",
      pages          = "941-951",
      doi            = "10.1093/mnras/stw2724",
      eprint         = "1608.02575",
      archivePrefix  = "arXiv",
      primaryClass   = "astro-ph.CO",
      SLACcitation   = "%%CITATION = ARXIV:1608.02575;%%"
}

@article{Edwards:2018ccc,
      author         = "Edwards, Faber and Kendall, Emily and Hotchkiss, Shaun
                        and Easther, Richard",
      title          = "{PyUltraLight: A Pseudo-Spectral Solver for Ultralight
                        Dark Matter Dynamics}",
      journal        = "JCAP",
      volume         = "1810",
      year           = "2018",
      number         = "10",
      pages          = "027",
      doi            = "10.1088/1475-7516/2018/10/027",
      eprint         = "1807.04037",
      archivePrefix  = "arXiv",
      primaryClass   = "astro-ph.CO",
      SLACcitation   = "%%CITATION = ARXIV:1807.04037;%%"
}

@ARTICLE{1386650, 
author={M. Frigo and S. G. Johnson}, 
journal={Proceedings of the IEEE}, 
title={The Design and Implementation of FFTW3}, 
year={2005}, 
volume={93}, 
number={2}, 
pages={216-231}, 
doi={10.1109/JPROC.2004.840301}, 
ISSN={0018-9219}, 
month={Feb},}

@misc{pyfftw,
  title = {{PyFFTW} documentation},
  howpublished = {\url{https://pyfftw.readthedocs.io/en/latest/}},
}

@article{Robles:2018fur,
      author         = "Robles, Victor H. and Bullock, James S. and
                        Boylan-Kolchin, Michael",
      title          = "{Scalar Field Dark Matter: Helping or Hurting Small-Scale
                        Problems in Cosmology?}",
      journal        = "Mon. Not. Roy. Astron. Soc.",
      volume         = "483",
      year           = "2019",
      pages          = "289",
      doi            = "10.1093/mnras/sty3190",
      eprint         = "1807.06018",
      archivePrefix  = "arXiv",
      primaryClass   = "astro-ph.CO",
      SLACcitation   = "%%CITATION = ARXIV:1807.06018;%%"
}


@article{White:2000jv,
      author         = "White, Martin J.",
      title          = "{The Mass of a halo}",
      journal        = "Astron. Astrophys.",
      volume         = "367",
      year           = "2001",
      pages          = "27",
      doi            = "10.1051/0004-6361:20000357",
      eprint         = "astro-ph/0011495",
      archivePrefix  = "arXiv",
      primaryClass   = "astro-ph",
      SLACcitation   = "%%CITATION = ASTRO-PH/0011495;%%"
}

@article{Herrera:2017epn,
      author         = "Herrera, D. and Waga, I. and Jorás, S. E.",
      title          = "{Calculation of the critical overdensity in the
                        spherical-collapse approximation}",
      journal        = "Phys. Rev.",
      volume         = "D95",
      year           = "2017",
      number         = "6",
      pages          = "064029",
      doi            = "10.1103/PhysRevD.95.064029",
      eprint         = "1703.05824",
      archivePrefix  = "arXiv",
      primaryClass   = "astro-ph.CO",
      SLACcitation   = "%%CITATION = ARXIV:1703.05824;%%"
}

@article{Suto:2015jdt,
      author         = "Suto, Daichi and Kitayama, Tetsu and Osato, Ken and
                        Sasaki, Shin and Suto, Yasushi",
      title          = "{Confrontation of Top-Hat Spherical Collapse against Dark
                        Halos from Cosmological N-Body Simulations}",
      journal        = "Publ. Astron. Soc. Jap.",
      volume         = "68",
      year           = "2016",
      number         = "1",
      pages          = "14",
      doi            = "10.1093/pasj/psv122",
      eprint         = "1511.06935",
      archivePrefix  = "arXiv",
      primaryClass   = "astro-ph.CO",
      SLACcitation   = "%%CITATION = ARXIV:1511.06935;%%"
}

@ARTICLE{2010arXiv1005.0411C,
       author = {{Coe}, Dan},
        title = "{Dark Matter Halo Mass Profiles}",
      journal = {arXiv e-prints},
     keywords = {Astrophysics - Cosmology and Extragalactic Astrophysics},
         year = 2010,
        month = May,
          eid = {arXiv:1005.0411},
        pages = {arXiv:1005.0411},
archivePrefix = {arXiv},
       eprint = {1005.0411},
 primaryClass = {astro-ph.CO},
       adsurl = {https://ui.adsabs.harvard.edu/\#abs/2010arXiv1005.0411C},
      adsnote = {Provided by the SAO/NASA Astrophysics Data System}
}

@article{Zemp:2013bga,
      author         = "Zemp, Marcel",
      title          = "{On Physical Scales of Dark Matter Halos}",
      journal        = "Astrophys. J.",
      volume         = "792",
      year           = "2014",
      number         = "2",
      pages          = "124",
      doi            = "10.1088/0004-637X/792/2/124",
      eprint         = "1312.4629",
      archivePrefix  = "arXiv",
      primaryClass   = "astro-ph.CO",
      SLACcitation   = "%%CITATION = ARXIV:1312.4629;%%"
}


@article{Bryan:1997dn,
      author         = "Bryan, G. L. and Norman, M. L.",
      title          = "{Statistical properties of x-ray clusters: Analytic and
                        numerical comparisons}",
      journal        = "Astrophys. J.",
      volume         = "495",
      year           = "1998",
      pages          = "80",
      doi            = "10.1086/305262",
      eprint         = "astro-ph/9710107",
      archivePrefix  = "arXiv",
      primaryClass   = "astro-ph",
      SLACcitation   = "%%CITATION = ASTRO-PH/9710107;%%"
}

@article{Springel:2005mi,
      author         = "Springel, Volker",
      title          = "{The Cosmological simulation code GADGET-2}",
      journal        = "Mon. Not. Roy. Astron. Soc.",
      volume         = "364",
      year           = "2005",
      pages          = "1105-1134",
      doi            = "10.1111/j.1365-2966.2005.09655.x",
      eprint         = "astro-ph/0505010",
      archivePrefix  = "arXiv",
      primaryClass   = "astro-ph",
      SLACcitation   = "%%CITATION = ASTRO-PH/0505010;%%"
}

@article{Veltmaat:2016rxo,
      author         = "Veltmaat, Jan and Niemeyer, Jens C.",
      title          = "{Cosmological particle-in-cell simulations with
                        ultralight axion dark matter}",
      journal        = "Phys. Rev.",
      volume         = "D94",
      year           = "2016",
      number         = "12",
      pages          = "123523",
      doi            = "10.1103/PhysRevD.94.123523",
      eprint         = "1608.00802",
      archivePrefix  = "arXiv",
      primaryClass   = "astro-ph.CO",
      SLACcitation   = "%%CITATION = ARXIV:1608.00802;%%"
}


@article{Schwabe:2016rze,
      author         = "Schwabe, Bodo and Niemeyer, Jens C. and Engels, Jan F.",
      title          = "{Simulations of solitonic core mergers in ultralight
                        axion dark matter cosmologies}",
      journal        = "Phys. Rev.",
      volume         = "D94",
      year           = "2016",
      number         = "4",
      pages          = "043513",
      doi            = "10.1103/PhysRevD.94.043513",
      eprint         = "1606.05151",
      archivePrefix  = "arXiv",
      primaryClass   = "astro-ph.CO",
      SLACcitation   = "%%CITATION = ARXIV:1606.05151;%%"
}

@article{Schive:2014hza,
      author         = "Schive, Hsi-Yu and Liao, Ming-Hsuan and Woo, Tak-Pong and
                        Wong, Shing-Kwong and Chiueh, Tzihong and Broadhurst, Tom
                        and Hwang, W. -Y. Pauchy",
      title          = "{Understanding the Core-Halo Relation of Quantum Wave
                        Dark Matter from 3D Simulations}",
      journal        = "Phys. Rev. Lett.",
      volume         = "113",
      year           = "2014",
      number         = "26",
      pages          = "261302",
      doi            = "10.1103/PhysRevLett.113.261302",
      eprint         = "1407.7762",
      archivePrefix  = "arXiv",
      primaryClass   = "astro-ph.GA",
      SLACcitation   = "%%CITATION = ARXIV:1407.7762;%%"
}


@article{Guzman:2006yc,
      author         = "Guzman, F. Siddhartha and Urena-Lopez, L. Arturo",
      title          = "{Gravitational cooling of self-gravitating
                        Bose-Condensates}",
      journal        = "Astrophys. J.",
      volume         = "645",
      year           = "2006",
      pages          = "814-819",
      doi            = "10.1086/504508",
      eprint         = "astro-ph/0603613",
      archivePrefix  = "arXiv",
      primaryClass   = "astro-ph",
      SLACcitation   = "%%CITATION = ASTRO-PH/0603613;%%"
}

@ARTICLE{2018arXiv181001319B,
       author = {{Bordner}, James and {Norman}, Michael L.},
        title = "{Computational Cosmology and Astrophysics on Adaptive Meshes using Charm++}",
      journal = {arXiv e-prints},
     keywords = {Astrophysics - Instrumentation and Methods for Astrophysics, Physics - Computational Physics},
         year = 2018,
        month = Oct,
          eid = {arXiv:1810.01319},
        pages = {arXiv:1810.01319},
archivePrefix = {arXiv},
       eprint = {1810.01319},
 primaryClass = {astro-ph.IM},
       adsurl = {https://ui.adsabs.harvard.edu/\#abs/2018arXiv181001319B},
      adsnote = {Provided by the SAO/NASA Astrophysics Data System}
}

@article{Snaith:2018ghc,
      author         = "Snaith, Owain N. and Park, Changbom and Kim, Juhan and
                        Rosdahl, Joakim",
      title          = "{Resolution Convergence in Cosmological Hydrodynamical
                        Simulations Using Adaptive Mesh Refinement}",
      journal        = "Mon. Not. Roy. Astron. Soc.",
      volume         = "477",
      year           = "2018",
      number         = "1",
      pages          = "983-1003",
      doi            = "10.1093/mnras/sty673",
      eprint         = "1803.08061",
      archivePrefix  = "arXiv",
      primaryClass   = "astro-ph.CO",
      SLACcitation   = "%%CITATION = ARXIV:1803.08061;%%"
}

@article{Almgren:2013sz,
      author         = "Almgren, Ann and Bell, John and Lijewski, Mike and Lukic,
                        Zarija and Van Andel, Ethan",
      title          = "{Nyx: A Massively Parallel AMR Code for Computational
                        Cosmology}",
      journal        = "Astrophys. J.",
      volume         = "765",
      year           = "2013",
      pages          = "39",
      doi            = "10.1088/0004-637X/765/1/39",
      eprint         = "1301.4498",
      archivePrefix  = "arXiv",
      primaryClass   = "astro-ph.IM",
      SLACcitation   = "%%CITATION = ARXIV:1301.4498;%%"
}

@article{Levkov:2018kau,
      author         = "Levkov, D. G. and Panin, A. G. and Tkachev, I. I.",
      title          = "{Gravitational Bose-Einstein condensation in the kinetic
                        regime}",
      journal        = "Phys. Rev. Lett.",
      volume         = "121",
      year           = "2018",
      number         = "15",
      pages          = "151301",
      doi            = "10.1103/PhysRevLett.121.151301",
      eprint         = "1804.05857",
      archivePrefix  = "arXiv",
      primaryClass   = "astro-ph.CO",
      reportNumber   = "INR-TH-2018-005",
      SLACcitation   = "%%CITATION = ARXIV:1804.05857;%%"
}


@article{Suarez:2011yf,
      author         = "Suarez, Abril and Matos, Tonatiuh",
      title          = "{Structure Formation with Scalar Field Dark Matter: The
                        Fluid Approach}",
      journal        = "Mon. Not. Roy. Astron. Soc.",
      volume         = "416",
      year           = "2011",
      pages          = "87",
      doi            = "10.1111/j.1365-2966.2011.19012.x",
      eprint         = "1101.4039",
      archivePrefix  = "arXiv",
      primaryClass   = "gr-qc",
      SLACcitation   = "%%CITATION = ARXIV:1101.4039;%%"
}


@article{Paredes:2015wga,
      author         = "Paredes, Angel and Michinel, Humberto",
      title          = "{Interference of Dark Matter Solitons and Galactic
                        Offsets}",
      journal        = "Phys. Dark Univ.",
      volume         = "12",
      year           = "2016",
      pages          = "50-55",
      doi            = "10.1016/j.dark.2016.02.003",
      eprint         = "1512.05121",
      archivePrefix  = "arXiv",
      primaryClass   = "astro-ph.CO",
      SLACcitation   = "%%CITATION = ARXIV:1512.05121;%%"
}


@misc{nectar,
  title = {{Nectar Cloud}},
  howpublished = {\url{https://nectar.org.au/research-cloud/}},
}

@misc{nesi,
  title = {{NeSI}},
  howpublished = {\url{https://www.nesi.org.nz/services/high-performance-computing}},
}



